@article{Page:2002vm,
author = {Page, Damian R and Grossniklaus, Ueli},
title = {{The art and design of genetic screens: Arabidopsis thaliana.}},
journal = {Nature reviews Genetics},
year = {2002},
volume = {3},
number = {2},
pages = {124--136},
month = feb
}
@Manual{FastQC,
  title = {FastQC: A quality control tool for high throughput sequence data.},
  author = {Simon Andrews},
  year = {2017},
  url = {https://www.bioinformatics.babraham.ac.uk/projects/fastqc/}
}
@article{Bolger:2014ek,
author = {Bolger, Anthony M and Lohse, Marc and Usadel, Bjoern},
title = {{Trimmomatic: a flexible trimmer for Illumina sequence data.}},
journal = {Bioinformatics (Oxford, England)},
year = {2014},
volume = {30},
number = {15},
pages = {2114--2120},
month = aug
}

@article{Li:2010bl,
author = {Li, Heng and Durbin, Richard},
title = {{Fast and accurate long-read alignment with Burrows-Wheeler transform.}},
journal = {Bioinformatics (Oxford, England)},
year = {2010},
volume = {26},
number = {5},
pages = {589--595},
month = mar
}

@article{Li:2009ka,
author = {Li, Heng and Handsaker, Bob and Wysoker, Alec and Fennell, Tim and Ruan, Jue and Homer, Nils and Marth, Gabor and Abecasis, Goncalo and Durbin, Richard and 1000 Genome Project Data Processing Subgroup},
title = {{The Sequence Alignment/Map format and SAMtools.}},
journal = {Bioinformatics (Oxford, England)},
year = {2009},
volume = {25},
number = {16},
pages = {2078--2079},
month = aug
}

@article{Koboldt:2009dk,
author = {Koboldt, Daniel C and Chen, Ken and Wylie, Todd and Larson, David E and McLellan, Michael D and Mardis, Elaine R and Weinstock, George M and Wilson, Richard K and Ding, Li},
title = {{VarScan: variant detection in massively parallel sequencing of individual and pooled samples.}},
journal = {Bioinformatics (Oxford, England)},
year = {2009},
volume = {25},
number = {17},
pages = {2283--2285},
month = sep
}

@article{DeSumma:2017kr,
author = {De Summa, Simona and Malerba, Giovanni and Pinto, Rosamaria and Mori, Antonio and Mijatovic, Vladan and Tommasi, Stefania},
title = {{GATK hard filtering: tunable parameters to improve variant calling for next generation sequencing targeted gene panel data.}},
journal = {BMC bioinformatics},
year = {2017},
volume = {18},
number = {Suppl 5},
pages = {119},
month = mar
}
@article{Cingolani:2012cz,
author = {Cingolani, Pablo and Platts, Adrian and Wang, Le Lily and Coon, Melissa and Nguyen, Tung and Wang, Luan and Land, Susan J and Lu, Xiangyi and Ruden, Douglas M},
title = {{A program for annotating and predicting the effects of single nucleotide polymorphisms, SnpEff: SNPs in the genome of Drosophila melanogaster strain w1118; iso-2; iso-3.}},
journal = {Fly},
year = {2012},
volume = {6},
number = {2},
pages = {80--92},
month = apr
}
@article{Etherington:2014ba,
author = {Etherington, Graham J and Monaghan, Jacqueline and Zipfel, Cyril and MacLean, Dan},
title = {{Mapping mutations in plant genomes with the user-friendly web application CandiSNP.}},
journal = {Plant methods},
year = {2014},
volume = {10},
number = {1},
pages = {41}
}





